@book{mastering:andreas,
    author		= {Andreas M. Antonopoulos},
    title		= {Mastering Bitcoin - Unlocking Digital Cryptocurrencies},
    volume		= {1},
    publisher	= {O’Reilly Media, Inc.},
    year		= {2014}
}

@book{mastering2:andreas,
    author		= {Andreas M. Antonopoulos},
    title		= {Mastering Bitcoin - Programming the Open Blockchain},
    volume		= {2},
    publisher	= {O’Reilly Media, Inc.},
    year		= {2017}
}

@article{paper-bitcoin:satoshi,
	author		= {Satoshi Nakamoto},
	title		= {Bitcoin: A Peer-to-Peer Electronic Cash System},
	year		= {2009},
	url			= {bitcoin.org}
}

@article{yellow-paper-ethereum:gavin,
	author		= {Gavin Wood},
	title		= {Ethereum: A secure decentralised generalised transaction ledger (Byzantium version)},
	year		= {2018},
	url			= {https://ethereum.github.io/yellowpaper/paper.pdf}
}

@misc{blockchain-def,
	author		= {Mauro Bellini},
	title 		= {Blockchain: cos’è, come funziona e gli ambiti applicativi in Italia},
	year 		= {2018},
	url 		= {https://www.blockchain4innovation.it/esperti/blockchain-perche-e-cosi-importante/#Le_definizioni_di_Blockchain}
}

@misc{multibit-software,
	author		= {Ken Hodler},
	title		= {Multibit is No Longer Supported},
	year		= {2016},
	url			= {https://multibit.org/}
}

@article{paper-takamaka:spoto,
	author		= {Nicola Fausto Spoto},
	title		= {Takamaka: A Java Framework for Smart Contracts},
	year		= {2018},
	url			= {https://github.com/spoto/takamaka/}
}

@misc{oracle-util-hashmap,
	author		= {Oracle},
	title 		= {Java docs util.HashMap},
	url 		= {https://docs.oracle.com/javase/7/docs/api/java/util/HashMap.html}
}

@misc{oracle-util-hashset,
	author		= {Oracle},
	title 		= {Java docs util.HashSet},
	url 		= {https://docs.oracle.com/javase/7/docs/api/java/util/HashSet.html}
}

@misc{oracle-lang-object,
	author		= {Oracle},
	title 		= {Java docs lang.Object},
	url 		= {https://docs.oracle.com/javase/7/docs/api/java/lang/Object.html}
}

@misc{oracle-util-stream,
	author		= {Oracle},
	title 		= {Java docs util.Stream},
	url 		= {https://docs.oracle.com/javase/8/docs/api/java/util/stream/Stream.html}
}

@misc{oracle-parallelism,
	author		= {Oracle},
	title 		= {Java stream parallelism},
	url 		= {https://docs.oracle.com/javase/tutorial/collections/streams/parallelism.html}
}

@misc{oracle-util-date,
	author		= {Oracle},
	title 		= {Java docs util.Date},
	url 		= {https://docs.oracle.com/javase/8/docs/api/java/util/Date.html}
}

@misc{java-8-stream,
	author		= {Giampaolo Trapasso},
	title 		= {Java 8: uno sguardo agli stream},
	url 		= {https://codingjam.it/java-8-uno-sguardo-agli-stream/}
}

@article{white-paper-randao:randao.org,
	author		= {randao.org},
	title		= {Randao: Verifiable Random Number Generation},
	year		= {2017},
	url			= {https://www.randao.org/whitepaper/Randao_v0.85_en.pdf}
}

@misc{wiki:ethash,
	author		= {ethereum.org},
	title 		= {Ethash},
	url 		= {https://github.com/ethereum/wiki/wiki/Ethash}
}

@misc{wiki:dagger-hashimoto,
	author		= {en.bitcoinwiki.org},
	title 		= {Dagger-Hashimoto},
	url 		= {https://en.bitcoinwiki.org/wiki/Dagger-Hashimoto}
}

@article{hashimoto:thaddeus-dryja,
	author		= {Thaddeus Dryja},
	title		= {Hashimoto: I/O bound proof of work},
	url			= {http://diyhpl.us/~bryan/papers2/bitcoin/meh/hashimoto.pdf}
}

@article{dagger:vitalik-buterin,
	author		= {Vitalik Buterin},
	title		= {Dagger: A Memory-Hard to Compute, Memory-Easy to Verify Scrypt Alternative},
	url			= {http://www.hashcash.org/papers/dagger.html}
}

@misc{wiki:dag,
	author		= {en.wikipedia.org},
	title 		= {Directed acyclic graph},
	url 		= {https://en.wikipedia.org/wiki/Directed_acyclic_graph}
}